@article{arcGIS:2013,
  author = "arcGIS",
  title  = "U.S. Potential Offshore Wind Energy",
  year   = "2013",
  url    = "http://www.arcgis.com/home/item.html?id=a7e6bd21663243e8b4b6fe72a058155f"
}

@article{NOAA,
  author = "NOAA",
  title  = "National Data Buoy Center ",
  year   = "2013",
  url    = "http://www.ndbc.noaa.gov/"
}

@article{Zekai,
  author  = "Zekai Åžen",
  title   = "Wind Velocity Vertical Extrapolation by Extended Power Law",
  journal = "Hindawi Publishing Corporation",
  year    = "2013",
  url     = "http://www.hindawi.com/journals/amete/2012/178623/"
}


@article{Windpower,
  title   = "Wind turbine power ouput variation with steady wind speed",
  journal = "Windpower program",
  year    = "2013",
  url     = "http://www.wind-power-program.com/betz.htm"
}