@proceeding{GPSTimeSync,
author = {Kim, R. and Nagayama, T. and Jo, H. and Spencer, Jr., B. F.},
title = {Preliminary study of low-cost GPS receivers for time synchronization of wireless sensors},
journal = {Proc. SPIE},
volume = {8345},
number = {},
pages = {83451A-83451A-9},
year = {2012},
doi = {10.1117/12.915394},
URL = { http://dx.doi.org/10.1117/12.915394},
eprint = {}
}