@phdthesis{JangSWMWSS,
  author = "Jang, Shin Ae",
  title  = "Structural Health Monitoring for Bridge Structures Using Wireless Smart Sensors",
  school = "University of Illinois at Urbana-Champaign",
  year   = "2011",
  month  = "January"
}

@article{Cunha_Caetano,
  author  = "Cunha, \'{A}lvaro, and Caetano, Elsa",
  title   = "Experimental modal analysis of civil engineering structures",
  journal = "Sound and Vibration",
  year    = "2006",
  volume  = "40",
  number  = "6",
  pages   = "12-20"
}

@book{MusaJouaneh:2013,
  author    = "Musa Jouaneh",
  title     = "Fundamentals of Mechatronics",
  publisher = "Global Engineering",
  year      = "2013",
  isbn      = "978-1-111-56901-3"
}

@article{WaltKester:2005,
  author  = "Walt Kester",
  title   = "Which ADC Architecture is Right for Your APplication",
  journal = "Analog Dialogue",
  year    = "2005",
  volume  = "06",
  number  = "39",
  month   = "June",
  url     = "http://www.analog.com/library/analogdialogue/archives/39-06/architecture.pdf"
}