@misc{AmericanAssociationofStateHighwayandTransportationOfficials:2008,
  author = "{American Association of State Highway and Transportation Officials}",
  title  = "Bridging the Gap",
  month  = "July",
  year   = "2008"
}



@article{RobertS.Kirk:2007,
  author = "Robert S. Kirk ",
  title  = "Highway Bridges: Conditions and the Federal and State Role ",
  year   = "2007"
}
