@ARTICLE{Kistler01thencepncar,
    author = {Robert Kistler and Eugenia Kalnay and William Collins and Suranjana Saha and Glenn White and John Woollen and Muthuvel Chelliah and Wesley Ebisuzaki and Masao Kanamitsu},
    title = {The NCEPâ€“NCAR 50-Year Reanalysis: Monthly means CD-ROM and documentation},
    journal = {Bull. Amer. Meteor. Soc},
    year = {2001},
    pages = {247--268}
}